%----------------------------------------------
% Chapter 1: The Primordial Urge to Count and Order
%----------------------------------------------

% Foundational psychological work on consciousness
@book{james1890principles,
  author    = {William James},
  title     = {The Principles of Psychology},
  publisher = {Henry Holt and Company},
  address   = {New York},
  year      = {1890},
  volume    = {2},
  url       = {https://psychclassics.yorku.ca/James/Principles/},
  note      = {Online edition (Classics in the History of Psychology). Accessed 2025-10-06.}
}

@article{coolidge2012numerosity,
  author  = {Coolidge, Frederick L. and Overmann, Karenleigh A.},
  title   = {Numerosity, Abstraction, and the Emergence of Symbolic Thinking},
  journal = {Current Anthropology},
  year    = {2012},
  volume  = {53},
  number  = {2},
  pages   = {204--225},
  doi     = {10.1086/664818},
  url     = {https://homepages.uni-tuebingen.de/andreas.nieder/Coolidge,%20Overmann%20(2012)%20CurrAnthropol.pdf},
  note    = {PDF available at the supplied URL}
}

@unpublished{meylan_inpress,
  author       = {Meylan, Stephan C. and Frank, Michael C. and Roy, Brandon C. and Levy, Roger},
  title        = {The emergence of an abstract grammatical category in children's early speech},
  note         = {Manuscript (preprint). Available at \url{https://langcog.stanford.edu/papers_new/meylan-inpress-psychsci.pdf}},
  url          = {https://langcog.stanford.edu/papers_new/meylan-inpress-psychsci.pdf}
}

@phdthesis{eymann_dissertation,
  author  = {Eymann, Vera},
  title   = {Divergent and Convergent Thinking: Investigating underlying neural mechanisms and the significance for creative cognition},
  school  = {Rheinland-Pf{\"a}lzische Technische Universit{\"a}t Kaiserslautern-Landau (RPTU)},
  year    = {2024},
  url     = {https://kluedo.ub.rptu.de/files/8297/Vera_Eymann_Dissertation.pdf},
  note    = {Thesis PDF available from the supplied URL}
}

@techreport{damerow1999_materialculture,
  author      = {Damerow, Peter},
  title       = {The Material Culture of Calculation: A Conceptual Framework for an Historical Epistemology of the Concept of Number},
  institution = {Max Planck Institute for the History of Science},
  type        = {Preprint (No. 117)},
  year        = {1999},
  issn        = {0948-9444},
  url         = {https://www.mpiwg-berlin.mpg.de/sites/default/files/migrated/p117_0.pdf},
  note        = {Translated by Klaudia Englund; Preprint 117 (PDF at supplied URL)}
}

@book{whitehead1911intromath,
  author    = {Whitehead, Alfred North},
  title     = {An Introduction to Mathematics},
  publisher = {Project Gutenberg (EBook #41568)},
  year      = {1911},
  note      = {EBook (Project Gutenberg PDF) available at \url{https://www.gutenberg.org/files/41568/41568-pdf.pdf}},
  url       = {https://www.gutenberg.org/files/41568/41568-pdf.pdf}
}


@book{dehaene1997_numbersense,
  author    = {Dehaene, Stanislas},
  title     = {The Number Sense: How the Mind Creates Mathematics},
  publisher = {Oxford University Press},
  year      = {1997},
  note      = {Revised/updated editions also exist; PDF copy available at the supplied URL},
  url       = {https://cognitionandculture.net/wp-content/uploads/the-number-sense-how-the-mind-creates-mathematics.pdf}
}

@misc{houston2023_earlyhistory,
  author = {Houston, Keith},
  title  = {The Early History of Counting},
  howpublished = {Lapham's Quarterly (Roundtable)},
  month  = {August 23},
  year   = {2023},
  url    = {https://www.laphamsquarterly.org/roundtable/early-history-counting},
  note   = {Web article (excerpted from \emph{Empire of the Sum} by Keith Houston)}
}

@misc{weibull_numbersystems,
  author = {Nikolai Weibull},
  title  = {An Historical Survey of Number Systems},
  howpublished = {Course notes, Chalmers University of Technology},
  url    = {https://www.math.chalmers.se/Math/Grundutb/GU/MAN250/S04/Number_Systems.pdf},
  note   = {Author shown on the PDF; course file (S04) available at the supplied URL}
}