@online{wiki_indian_math,
  author       = {{Wikipedia contributors}},
  title        = {Indian Mathematics},
  year         = 2024,
  url          = {https://en.wikipedia.org/wiki/Indian_mathematics},
  note         = {Accessed: 2025-06-09},
}

@misc{vajiram_ravi,
  author       = {{Vajiram \& Ravi}},
  title        = {Famous Indian Mathematicians and their Contributions},
  howpublished = {\url{https://vajiramandravi.com/blog/famous-indian-mathematicians-and-their-contributions/}},
  note         = {Accessed: 2025-06-09},
}

@online{mj_college,
  author       = {{MJ College}},
  title        = {Mathematics in Ancient India},
  year         = 2023,
  url          = {https://www.mjcollege.ac.in/mathematics-in-ancient-india/},
  note         = {Accessed: 2025-06-09},
}

@misc{ukessays_indian_math,
  author       = {{UKEssays.com}},
  title        = {Contribution of Indian Mathematics History Essay},
  howpublished = {\url{https://www.ukessays.com/essays/history/contribution-of-indian-mathematics-history-essay.php}},
  note         = {Accessed: 2025-06-09},
}
